<?xml version="1.0" encoding="UTF-8"?><collection xmlns="http://www.loc.gov/MARC21/slim"><record><leader>00293nam--2200121-i-4500</leader><controlfield tag="001">000049424</controlfield><controlfield tag="002">20161230</controlfield><controlfield tag="005">20161230201047</controlfield><controlfield tag="008">060222s1000------------r-----000-0-eng-d</controlfield><datafield ind1=" " ind2=" " tag="100"><subfield code="a">Patterson, E.M</subfield></datafield><datafield ind1=" " ind2=" " tag="245"><subfield code="a">Topology</subfield></datafield><datafield ind1=" " ind2=" " tag="260"><subfield code="a">Edinburgh, Oiver And Boyd, 1956, Viii+128p.Cu Fig</subfield></datafield><datafield ind1=" " ind2=" " tag="852"><subfield code="a">12077</subfield></datafield></record></collection>